<record><leader>00000cas a22000007a 4500</leader><controlfield tag="001">12217832</controlfield><controlfield tag="008">850629d18981uuualuwr ne      0    0eng d</controlfield><datafield ind1=" " ind2=" " tag="010"><subfield code="a">sn 85044799 </subfield></datafield><datafield ind1=" " ind2=" " tag="040"><subfield code="a">ABJ</subfield><subfield code="b">eng</subfield><subfield code="c">ABJ</subfield><subfield code="d">CPN</subfield><subfield code="d">OCL</subfield><subfield code="d">OCLCQ</subfield></datafield><datafield ind1=" " ind2=" " tag="042"><subfield code="a">msc</subfield></datafield><datafield ind1="0" ind2="0" tag="245"><subfield code="a">Pratt City sun.</subfield></datafield><datafield ind1=" " ind2=" " tag="260"><subfield code="a">Pratt City, Ala. :</subfield><subfield code="b">Henry C. West,</subfield><subfield code="c">1898-</subfield></datafield><datafield ind1=" " ind2=" " tag="300"><subfield code="a">v. :</subfield><subfield code="b">ill.</subfield></datafield><datafield ind1=" " ind2=" " tag="310"><subfield code="a">Weekly</subfield></datafield><datafield ind1="0" ind2=" " tag="362"><subfield code="a">Vol. 1, no. 1 (Dec. 17, 1898)-</subfield></datafield><datafield ind1=" " ind2=" " tag="500"><subfield code="a">"Democratic."</subfield></datafield><datafield ind1=" " ind2=" " tag="752"><subfield code="a">United States</subfield><subfield code="b">Alabama</subfield><subfield code="c">Jefferson</subfield><subfield code="d">Pratt City.</subfield></datafield></record>